<?xml version="1.0" encoding="utf-8"?>
<record xmlns="http://www.loc.gov/MARC21/slim" xmlns:xsi="http://www.w3.org/2001/XMLSchema-instance" xsi:schemaLocation="http://www.loc.gov/MARC21/slim http://www.loc.gov/standards/marcxml/schema/MARC21slim.xsd">
	<leader>     nam a22     Mi 4500</leader>
	<controlfield tag="001">401360</controlfield>
	<controlfield tag="003">NjP</controlfield>
	<controlfield tag="006">m        d        </controlfield>
	<controlfield tag="007">cr cn |||m|||a</controlfield>
	<controlfield tag="008">201207s1921    ae      o     000 0 ara d</controlfield>
	<datafield ind1=" " ind2=" " tag="040">
		<subfield code="a">ZYU</subfield>
		<subfield code="b">ara</subfield>
		<subfield code="e">rda</subfield>
		<subfield code="c">ZYU</subfield>
	</datafield>
	<datafield ind1="1" ind2=" " tag="100">
		<subfield code="6">880-01</subfield>
		<subfield code="a">Maṣūrī, Muḥammad.</subfield>
	</datafield>
	<datafield ind1="1" ind2="0" tag="240">
		<subfield code="6">880-02</subfield>
		<subfield code="a">Sawṭ al-afhām wa-al-ifḥām bi-mā fī rawḍ al-amniyah wa-al-amānī min al-ilḥād wa-al-taḥrīf wa-al-awhām</subfield>
	</datafield>
	<datafield ind1="1" ind2="0" tag="245">
		<subfield code="6">880-03</subfield>
		<subfield code="a">Kitāb sawṭ al-afhām wa-al-ifḥām bi-mā fī rawḍ al-amniyah wa-al-amānī min al-ilḥād wa-al-taḥrīf wa-al-awhām /</subfield>
		<subfield code="c">lil-faqīh Muḥammad al-Maṣūrī.</subfield>
	</datafield>
	<datafield ind1=" " ind2=" " tag="260">
		<subfield code="6">880-04</subfield>
		<subfield code="a">[Algiers?] :</subfield>
		<subfield code="b">[publisher not identified],</subfield>
		<subfield code="c">1921</subfield>
		<subfield code="e">(al-Jazāʼir :</subfield>
		<subfield code="f">al-Maṭbaʻah al-Thaʻālibīyah)</subfield>
	</datafield>
	<datafield ind1=" " ind2=" " tag="300">
		<subfield code="a">online resource (36 pages)</subfield>
	</datafield>
	<datafield ind1=" " ind2=" " tag="336">
		<subfield code="a">text</subfield>
		<subfield code="2">rdacontent</subfield>
	</datafield>
	<datafield ind1=" " ind2=" " tag="337">
		<subfield code="a">computer</subfield>
		<subfield code="2">rdamedia</subfield>
	</datafield>
	<datafield ind1=" " ind2=" " tag="338">
		<subfield code="a">online resource</subfield>
		<subfield code="2">rdacarrier</subfield>
	</datafield>
	<datafield ind1=" " ind2=" " tag="500">
		<subfield code="a">Part of the Arabic Collections Online (ACO) project, contributed by Princeton University Libraries.</subfield>
	</datafield>
	<datafield ind1=" " ind2=" " tag="533">
		<subfield code="a">Electronic reproduction.</subfield>
		<subfield code="b">New York, N.Y. :</subfield>
		<subfield code="c">New York University,</subfield>
		<subfield code="d">2020.</subfield>
		<subfield code="5">NNU</subfield>
	</datafield>
	<datafield ind1=" " ind2="0" tag="650">
		<subfield code="a">Islam</subfield>
		<subfield code="x">Essence, genius, nature.</subfield>
	</datafield>
	<datafield ind1=" " ind2="7" tag="650">
		<subfield code="a">Islam</subfield>
		<subfield code="x">Essence, genius, nature.</subfield>
		<subfield code="2">fast</subfield>
		<subfield code="0">(OCoLC)fst00979797</subfield>
	</datafield>
	<datafield ind1="2" ind2=" " tag="710">
		<subfield code="a">Princeton University.</subfield>
		<subfield code="b">Library.</subfield>
	</datafield>
	<datafield ind1="0" ind2=" " tag="730">
		<subfield code="a">Arabic Collections Online.</subfield>
	</datafield>
	<datafield ind1="0" ind2=" " tag="740">
		<subfield code="6">880-05</subfield>
		<subfield code="a">Sawṭ al-afhām wa-al-ifḥām bi-mā fī rawḍ al-amniyah wa-al-amānī min al-ilḥād wa-al-taḥrīf wa-al-awhām.</subfield>
	</datafield>
	<datafield ind1="0" ind2="8" tag="776">
		<subfield code="i">Online version:</subfield>
		<subfield code="a">Maṣūrī, Muḥammad.</subfield>
		<subfield code="s">Sawṭ al-afhām wa-al-ifḥām bi-mā fī rawḍ al-amniyah wa-al-amānī min al-ilḥād wa-al-taḥrīf wa-al-awhām.</subfield>
		<subfield code="t">Kitāb sawṭ al-afhām wa-al-ifḥām bi-mā fī rawḍ al-amniyah wa-al-amānī min al-ilḥād wa-al-taḥrīf wa-al-awhām.</subfield>
		<subfield code="d">[Algiers? : s.n.], 1921 (al-Jazāʼir : al-Maṭbaʻah al-Thaʻālibīyah)</subfield>
		<subfield code="w">(OCoLC)780172629</subfield>
	</datafield>
	<datafield ind1="0" ind2="8" tag="776">
		<subfield code="i">Print version:</subfield>
		<subfield code="a">Maṣūrī, Muḥammad.</subfield>
		<subfield code="t">Kitāb sawṭ al-afhām wa-al-ifḥām bi-mā fī rawḍ al-amniyah wa-al-amānī min al-ilḥād wa-al-taḥrīf wa-al-awhām</subfield>
		<subfield code="w">(NjP)401360</subfield>
	</datafield>
	<datafield ind1="4" ind2="0" tag="856">
		<subfield code="u">http://hdl.handle.net/2333.1/n8pk1011</subfield>
	</datafield>
	<datafield ind1="4" ind2="0" tag="856">
		<subfield code="u">http://hdl.handle.net/2333.1/n8pk1011</subfield>
	</datafield>
	<datafield ind1="1" ind2=" " tag="880">
		<subfield code="6">100-01</subfield>
		<subfield code="a">مصوري، محمد.‎</subfield>
	</datafield>
	<datafield ind1="1" ind2="0" tag="880">
		<subfield code="6">240-02</subfield>
		<subfield code="a">سوط الافهام والافحام بما في روض الامنية والاماني من الالحاد والتحريف والاوهام‎</subfield>
	</datafield>
	<datafield ind1="1" ind2="0" tag="880">
		<subfield code="6">245-03</subfield>
		<subfield code="a">كتاب سوط الافهام والافحام بما في روض الامنية والاماني من الالحاد والتحريف والاوهام /‎</subfield>
		<subfield code="c">للفقيه محمد المصوري.‎</subfield>
	</datafield>
	<datafield ind1=" " ind2=" " tag="880">
		<subfield code="6">260-04</subfield>
		<subfield code="a">[Algiers?] :</subfield>
		<subfield code="b">[publisher not identified],</subfield>
		<subfield code="c">1921 (لجزائر :‎</subfield>
		<subfield code="f">المطبعة الثعالية)‎</subfield>
	</datafield>
	<datafield ind1="0" ind2=" " tag="880">
		<subfield code="6">740-05</subfield>
		<subfield code="a">سوط الافهام والافحام بما في روض الامنية والاماني من الالحاد والتحريف والاوهام.‎</subfield>
	</datafield>
	<datafield ind1=" " ind2=" " tag="959">
		<subfield code="a">NNU</subfield>
		<subfield code="b">WEB</subfield>
		<subfield code="c">GENI</subfield>
		<subfield code="t">0</subfield>
		<subfield code="m">Electronic access</subfield>
		<subfield code="s">01</subfield>
	</datafield>
	<datafield ind1=" " ind2=" " tag="959">
		<subfield code="a">NNU</subfield>
		<subfield code="b">WEB</subfield>
		<subfield code="c">GENI</subfield>
		<subfield code="t">0</subfield>
		<subfield code="m">Electronic access</subfield>
		<subfield code="s">01</subfield>
	</datafield>
	<datafield ind1=" " ind2=" " tag="999">
		<subfield code="i">NjP_401360</subfield>
		<subfield code="o">(OCoLC)ocm79200874</subfield>
		<subfield code="s">princeton_aco002829</subfield>
		<subfield code="e">(ERROR-MISC)</subfield>
		<subfield code="s">princeton_aco002829</subfield>
	</datafield>
</record>
